<?xml version="1.0" encoding="UTF-8" ?>
<collection xmlns:xsi="http://www.w3.org/2001/XMLSchema-instance"
    xsi:schemaLocation="http://www.loc.gov/MARC21/slim
        http://www.loc.gov/standards/marcxml/schema/MARC21slim.xsd"
    xmlns="http://www.loc.gov/MARC21/slim">
<record>
  <leader>00552cam a2201201 ia4500</leader>
  <controlfield tag="001">b12621432</controlfield>
  <controlfield tag="003">LeBAU</controlfield>
  <controlfield tag="005">20171115</controlfield>
  <controlfield tag="008">970830m19231998ua            ||1 0 ara d</controlfield>
  <datafield tag="035" ind1=" " ind2=" ">
    <subfield code="a">ocn784430531</subfield>
  </datafield>
  <datafield tag="037" ind1=" " ind2=" ">
    <subfield code="b">General Book Organization</subfield>
    <subfield code="c">64</subfield>
    <subfield code="z">29949</subfield>
  </datafield>
  <datafield tag="040" ind1=" " ind2=" ">
    <subfield code="a">LEAUB</subfield>
    <subfield code="b">ara</subfield>
    <subfield code="e">rda</subfield>
    <subfield code="c">LEAUB</subfield>
    <subfield code="d">LEAUB</subfield>
  </datafield>
  <datafield tag="082" ind1="0" ind2="4">
    <subfield code="a">039</subfield>
    <subfield code="2">20</subfield>
  </datafield>
  <datafield tag="100" ind1="1" ind2=" ">
    <subfield code="6">880-01</subfield>
    <subfield code="a">Nuwayrī, Aḥmad ibn ʻAbd al-Wahhāb,</subfield>
    <subfield code="d">1279-1333,</subfield>
    <subfield code="e">author.</subfield>
  </datafield>
  <datafield tag="245" ind1="1" ind2="0">
    <subfield code="6">880-02</subfield>
    <subfield code="a">Nihāyat al-arab fī funūn al-adab /</subfield>
    <subfield code="c">ta’līf Shihāb al-Dīn Aḥmad ʻAbd al-Wahhāb al-Nuwayrī.</subfield>
  </datafield>
  <datafield tag="264" ind1=" " ind2="1">
    <subfield code="6">880-03</subfield>
    <subfield code="a">al-Qāhirah :</subfield>
    <subfield code="b">Maṭba‘at Dār al-Kutub al-Miṣrīyah,</subfield>
    <subfield code="c">[1923-1955?]</subfield>
  </datafield>
  <datafield tag="300" ind1=" " ind2=" ">
    <subfield code="6">880-04</subfield>
    <subfield code="a">33 volumes ;</subfield>
    <subfield code="c">26 cm</subfield>
  </datafield>
  <datafield tag="336" ind1=" " ind2=" ">
    <subfield code="a">text</subfield>
    <subfield code="b">txt</subfield>
    <subfield code="2">rdacontent</subfield>
  </datafield>
  <datafield tag="337" ind1=" " ind2=" ">
    <subfield code="a">unmediated</subfield>
    <subfield code="b">n</subfield>
    <subfield code="2">rdamedia</subfield>
  </datafield>
  <datafield tag="338" ind1=" " ind2=" ">
    <subfield code="a">volume</subfield>
    <subfield code="b">nc</subfield>
    <subfield code="2">rdacarrier</subfield>
  </datafield>
  <datafield tag="505" ind1="0" ind2="0">
    <subfield code="t">نهاية الارب في فنون الادب:</subfield>
    <subfield code="g">الفن الأول.</subfield>
    <subfield code="t">في السماء والآثار العلوية، والارض والمعالم السفلية --</subfield>
    <subfield code="g">الفن الثاني.</subfield>
    <subfield code="t">في الانسان وما يتعلق به --</subfield>
    <subfield code="g">الفن الثالث.</subfield>
    <subfield code="t">في الحيوان الصامت --</subfield>
    <subfield code="g">الفن الرابع.</subfield>
    <subfield code="t">في النبات --</subfield>
    <subfield code="g">الفن الخامس.</subfield>
    <subfield code="t">في التاريخ.</subfield>
  </datafield>
  <datafield tag="588" ind1=" " ind2=" ">
    <subfield code="a">الوصف يستند الى الجزء الثالث.</subfield>
  </datafield>
  <datafield tag="590" ind1=" " ind2=" ">
    <subfield code="a">في المكتبة: الأجزاء 3-10، 12-18.</subfield>
  </datafield>
  <datafield tag="650" ind1=" " ind2="4">
    <subfield code="a">الموسوعات والقواميس العربية</subfield>
    <subfield code="v">اعمال قديمة حتى 1800.</subfield>
  </datafield>
  <datafield tag="650" ind1=" " ind2="0">
    <subfield code="a">Encyclopedias and dictionaries, Arabic</subfield>
    <subfield code="v">Early works to 1800.</subfield>
  </datafield>
  <datafield tag="775" ind1="0" ind2=" ">
    <subfield code="6">880-05</subfield>
    <subfield code="i">has designation of edition</subfield>
    <subfield code="4">http://rdaregistry.info/Elements/m/P30133:</subfield>
    <subfield code="t">Nihāyat al-arab fī funūn al-adab.</subfield>
    <subfield code="d">al-Qāhirah : Wizārat al-Thaqāfah wa-al-Irshād al-Qawmī, al-Mu’assasah al-Miṣrīyah al-‘Āmmah lil-Ta’līf wa-al-Tarjamah wa-al-Ṭibā‘ah wa-al-Nashr, [1964?]</subfield>
    <subfield code="w">b19213621</subfield>
  </datafield>
  <datafield tag="775" ind1="0" ind2=" ">
    <subfield code="6">880-06</subfield>
    <subfield code="i">has designation of edition</subfield>
    <subfield code="4">http://rdaregistry.info/Elements/m/P30133:</subfield>
    <subfield code="t">Nihāyat al-arab fī funūn al-adab.</subfield>
    <subfield code="d">al-Qāhirah : al-Hay’ah al-Miṣrīyah al-‘Āmmah lil-Kitāb, 1975-1992.</subfield>
    <subfield code="w">b19213657</subfield>
  </datafield>
  <datafield tag="775" ind1="0" ind2=" ">
    <subfield code="6">880-07</subfield>
    <subfield code="i">has designation of edition</subfield>
    <subfield code="4">http://rdaregistry.info/Elements/m/P30133:</subfield>
    <subfield code="t">Nihāyat al-arab fī funūn al-adab.</subfield>
    <subfield code="b">al-Ṭab‘ah al-ūlá.</subfield>
    <subfield code="d">al-Qāhirah : al-Hay’ah al-‘Āmmah li-Dār al-Kutub wa-al-Wathā’iq al-Qawmīyah, Markaz Taḥqīq al-Turāth, 1997-1998</subfield>
    <subfield code="w">b1921375x</subfield>
  </datafield>
  <datafield tag="852" ind1=" " ind2=" ">
    <subfield code="a">Jafet Library</subfield>
    <subfield code="e">American University of Beirut, Bliss Street , Beirut, Lebanon.</subfield>
  </datafield>
  <datafield tag="880" ind1="1" ind2=" ">
    <subfield code="6">100-01/(3/r</subfield>
    <subfield code="a">النويري، احمد بن عبد الوهاب،</subfield>
    <subfield code="d">1279-1333،</subfield>
    <subfield code="e">مؤلف. </subfield>
    <subfield code="4">aut.</subfield>
  </datafield>
  <datafield tag="880" ind1="1" ind2="0">
    <subfield code="6">245-02/(3/r</subfield>
    <subfield code="a">نهاية الأرب في فنون الأدب /</subfield>
    <subfield code="c">تأليف شهاب الدين أحمد عبد الوهاب النويري.</subfield>
  </datafield>
  <datafield tag="880" ind1=" " ind2="1">
    <subfield code="6">264-03/(3/r</subfield>
    <subfield code="a">القاهرة :</subfield>
    <subfield code="b">مطبعة دار الكتب المصرية،</subfield>
    <subfield code="c">[1923-1955؟]</subfield>
  </datafield>
  <datafield tag="880" ind1=" " ind2=" ">
    <subfield code="6">300-04/(3/r</subfield>
    <subfield code="a">33 سفر ؛</subfield>
    <subfield code="c">26 سم</subfield>
  </datafield>
  <datafield tag="880" ind1="0" ind2=" ">
    <subfield code="6">775-05/(3/r</subfield>
    <subfield code="i">دلالة على الطبعة</subfield>
    <subfield code="4">http://rdaregistry.info/Elements/m/P30133:</subfield>
    <subfield code="t">نهاية الأرب في فنون الأدب.</subfield>
    <subfield code="d">القاهرة : وزارة الثقافة والإرشاد القومي، المؤسسة المصرية العامة للتأليف والترجمة والطباعة والنشر، [1964؟]</subfield>
    <subfield code="w">b19213621</subfield>
  </datafield>
  <datafield tag="880" ind1="0" ind2=" ">
    <subfield code="6">775-06/(3/r</subfield>
    <subfield code="i">دلالة على الطبعة</subfield>
    <subfield code="4">http://rdaregistry.info/Elements/m/P30133:</subfield>
    <subfield code="t">نهاية الأرب في فنون الأدب.</subfield>
    <subfield code="d">القاهرة : الهيئة المصرية العامة للكتاب، 1975-1992</subfield>
    <subfield code="w">b19213657</subfield>
  </datafield>
  <datafield tag="880" ind1="0" ind2=" ">
    <subfield code="6">775-07/(3/r</subfield>
    <subfield code="i">دلالة على الطبعة</subfield>
    <subfield code="4">http://rdaregistry.info/Elements/m/P30133:</subfield>
    <subfield code="t">نهاية الأرب في فنون الأدب.</subfield>
    <subfield code="b">الطبعة الأولى.</subfield>
    <subfield code="d">القاهرة : الهيئة العامة لدار الكتب والوثائق القومية، مركز تحقيق التراث، 1997-1998</subfield>
    <subfield code="w">b1921375x</subfield>
  </datafield>
  <datafield tag="907" ind1=" " ind2=" ">
    <subfield code="a">.b12621432</subfield>
    <subfield code="b">17-11-23</subfield>
    <subfield code="c">11-05-24</subfield>
  </datafield>
  <datafield tag="907" ind1=" " ind2=" ">
    <subfield code="a">.b12621432</subfield>
    <subfield code="b">11-10-13</subfield>
    <subfield code="c">11-05-24</subfield>
  </datafield>
  <datafield tag="945" ind1=" " ind2=" ">
    <subfield code="f">J</subfield>
    <subfield code="a">039:N989nA:v.7:c.1</subfield>
    <subfield code="i">01045258</subfield>
    <subfield code="j">.i13142057</subfield>
    <subfield code="l">u0503</subfield>
  </datafield>
  <datafield tag="945" ind1=" " ind2=" ">
    <subfield code="f">J</subfield>
    <subfield code="a">039:N989nA:v.8:c.1</subfield>
    <subfield code="i">01045260</subfield>
    <subfield code="j">.i13142070</subfield>
    <subfield code="l">u0503</subfield>
  </datafield>
  <datafield tag="945" ind1=" " ind2=" ">
    <subfield code="f">J</subfield>
    <subfield code="a">039:N989nA:v.9:c.1</subfield>
    <subfield code="i">01045263</subfield>
    <subfield code="j">.i13142094</subfield>
    <subfield code="l">u0503</subfield>
  </datafield>
  <datafield tag="945" ind1=" " ind2=" ">
    <subfield code="f">J</subfield>
    <subfield code="a">039:N989nA:v.10:c.1</subfield>
    <subfield code="i">01045265</subfield>
    <subfield code="j">.i13142112</subfield>
    <subfield code="l">u0503</subfield>
  </datafield>
  <datafield tag="945" ind1=" " ind2=" ">
    <subfield code="f">J</subfield>
    <subfield code="a">039:N989nA:v.12:c.1</subfield>
    <subfield code="i">01045268</subfield>
    <subfield code="j">.i13142148</subfield>
    <subfield code="l">u0503</subfield>
  </datafield>
  <datafield tag="945" ind1=" " ind2=" ">
    <subfield code="f">J</subfield>
    <subfield code="a">039:N989nA:v.13:c.1</subfield>
    <subfield code="i">01045270</subfield>
    <subfield code="j">.i13142161</subfield>
    <subfield code="l">u0503</subfield>
  </datafield>
  <datafield tag="945" ind1=" " ind2=" ">
    <subfield code="f">J</subfield>
    <subfield code="a">039:N989nA:v.14:c.1</subfield>
    <subfield code="i">01045272</subfield>
    <subfield code="j">.i13142185</subfield>
    <subfield code="l">u0503</subfield>
  </datafield>
  <datafield tag="945" ind1=" " ind2=" ">
    <subfield code="f">J</subfield>
    <subfield code="a">039:N989nA:v.15:c.1</subfield>
    <subfield code="i">01045274</subfield>
    <subfield code="j">.i13142203</subfield>
    <subfield code="l">u0503</subfield>
  </datafield>
  <datafield tag="945" ind1=" " ind2=" ">
    <subfield code="f">J</subfield>
    <subfield code="a">039:N989nA:v.16:c.1</subfield>
    <subfield code="i">01045276</subfield>
    <subfield code="j">.i13142227</subfield>
    <subfield code="l">u0503</subfield>
  </datafield>
  <datafield tag="945" ind1=" " ind2=" ">
    <subfield code="f">J</subfield>
    <subfield code="a">039:N989nA:v.17:c.1</subfield>
    <subfield code="i">01045278</subfield>
    <subfield code="j">.i13142240</subfield>
    <subfield code="l">u0503</subfield>
  </datafield>
  <datafield tag="945" ind1=" " ind2=" ">
    <subfield code="f">J</subfield>
    <subfield code="a">039:N989nA:v.18:c.1</subfield>
    <subfield code="i">01045280</subfield>
    <subfield code="j">.i13142264</subfield>
    <subfield code="l">u0503</subfield>
  </datafield>
  <datafield tag="945" ind1=" " ind2=" ">
    <subfield code="f">J</subfield>
    <subfield code="a">039:N989nA:v.3:c.1</subfield>
    <subfield code="i">01045250</subfield>
    <subfield code="j">.i13141971</subfield>
    <subfield code="l">u0503</subfield>
  </datafield>
  <datafield tag="945" ind1=" " ind2=" ">
    <subfield code="f">J</subfield>
    <subfield code="a">039:N989nA:v.4:c.1</subfield>
    <subfield code="i">01045252</subfield>
    <subfield code="j">.i13141995</subfield>
    <subfield code="l">u0503</subfield>
  </datafield>
  <datafield tag="945" ind1=" " ind2=" ">
    <subfield code="f">J</subfield>
    <subfield code="a">039:N989nA:v.5:c.1</subfield>
    <subfield code="i">01045254</subfield>
    <subfield code="j">.i1314201x</subfield>
    <subfield code="l">u0503</subfield>
  </datafield>
  <datafield tag="945" ind1=" " ind2=" ">
    <subfield code="f">J</subfield>
    <subfield code="a">039:N989nA:v.6:c.1</subfield>
    <subfield code="i">01045256</subfield>
    <subfield code="j">.i13142033</subfield>
    <subfield code="l">u0503</subfield>
  </datafield>
  <datafield tag="945" ind1=" " ind2=" ">
    <subfield code="f">J</subfield>
    <subfield code="a">039:N989nA:v.1:c.1</subfield>
    <subfield code="i">01045247</subfield>
    <subfield code="j">.i13141946</subfield>
    <subfield code="l">u0503</subfield>
  </datafield>
  <datafield tag="945" ind1=" " ind2=" ">
    <subfield code="f">J</subfield>
    <subfield code="a">039:N989nA:v.1:c.2</subfield>
    <subfield code="i">01045307</subfield>
    <subfield code="j">.i13142501</subfield>
    <subfield code="l">u0503</subfield>
  </datafield>
  <datafield tag="945" ind1=" " ind2=" ">
    <subfield code="f">J</subfield>
    <subfield code="a">039:N989nA:v.2:c.1</subfield>
    <subfield code="i">01045248</subfield>
    <subfield code="j">.i13141958</subfield>
    <subfield code="l">u0503</subfield>
  </datafield>
  <datafield tag="945" ind1=" " ind2=" ">
    <subfield code="f">J</subfield>
    <subfield code="a">039:N989nA:v.2:c.2</subfield>
    <subfield code="i">01045249</subfield>
    <subfield code="j">.i1314196x</subfield>
    <subfield code="l">u0503</subfield>
  </datafield>
  <datafield tag="945" ind1=" " ind2=" ">
    <subfield code="f">J</subfield>
    <subfield code="a">039:N989nA:v.3:c.2</subfield>
    <subfield code="i">01045251</subfield>
    <subfield code="j">.i13141983</subfield>
    <subfield code="l">u0503</subfield>
  </datafield>
  <datafield tag="945" ind1=" " ind2=" ">
    <subfield code="f">J</subfield>
    <subfield code="a">039:N989nA:v.4:c.2</subfield>
    <subfield code="i">01045253</subfield>
    <subfield code="j">.i13142008</subfield>
    <subfield code="l">u0503</subfield>
  </datafield>
  <datafield tag="945" ind1=" " ind2=" ">
    <subfield code="f">J</subfield>
    <subfield code="a">039:N989nA:v.5:c.2</subfield>
    <subfield code="i">01045255</subfield>
    <subfield code="j">.i13142021</subfield>
    <subfield code="l">u0503</subfield>
  </datafield>
  <datafield tag="945" ind1=" " ind2=" ">
    <subfield code="f">J</subfield>
    <subfield code="a">039:N989nA:v.6:c.2</subfield>
    <subfield code="i">01045257</subfield>
    <subfield code="j">.i13142045</subfield>
    <subfield code="l">u0503</subfield>
  </datafield>
  <datafield tag="945" ind1=" " ind2=" ">
    <subfield code="f">J</subfield>
    <subfield code="a">039:N989nA:v.7:c.2</subfield>
    <subfield code="i">01045259</subfield>
    <subfield code="j">.i13142069</subfield>
    <subfield code="l">u0503</subfield>
  </datafield>
  <datafield tag="945" ind1=" " ind2=" ">
    <subfield code="f">J</subfield>
    <subfield code="a">039:N989nA:v.8:c.2</subfield>
    <subfield code="i">01045262</subfield>
    <subfield code="j">.i13142082</subfield>
    <subfield code="l">u0503</subfield>
  </datafield>
  <datafield tag="945" ind1=" " ind2=" ">
    <subfield code="f">J</subfield>
    <subfield code="a">039:N989nA:v.9:c.2</subfield>
    <subfield code="i">01045264</subfield>
    <subfield code="j">.i13142100</subfield>
    <subfield code="l">u0503</subfield>
  </datafield>
  <datafield tag="945" ind1=" " ind2=" ">
    <subfield code="f">J</subfield>
    <subfield code="a">039:N989nA:v.10:c.2</subfield>
    <subfield code="i">01045266</subfield>
    <subfield code="j">.i13142124</subfield>
    <subfield code="l">u0503</subfield>
  </datafield>
  <datafield tag="945" ind1=" " ind2=" ">
    <subfield code="f">J</subfield>
    <subfield code="a">039:N989nA:v.11:c.1</subfield>
    <subfield code="i">01045267</subfield>
    <subfield code="j">.i13142136</subfield>
    <subfield code="l">u0503</subfield>
  </datafield>
  <datafield tag="945" ind1=" " ind2=" ">
    <subfield code="f">J</subfield>
    <subfield code="a">039:N989nA:v.11:c.2</subfield>
    <subfield code="i">01045310</subfield>
    <subfield code="j">.i13142513</subfield>
    <subfield code="l">u0503</subfield>
  </datafield>
  <datafield tag="945" ind1=" " ind2=" ">
    <subfield code="f">J</subfield>
    <subfield code="a">039:N989nA:v.12:c.2</subfield>
    <subfield code="i">01045269</subfield>
    <subfield code="j">.i1314215x</subfield>
    <subfield code="l">u0503</subfield>
  </datafield>
  <datafield tag="945" ind1=" " ind2=" ">
    <subfield code="f">J</subfield>
    <subfield code="a">039:N989nA:v.13:c.2</subfield>
    <subfield code="i">01045271</subfield>
    <subfield code="j">.i13142173</subfield>
    <subfield code="l">u0503</subfield>
  </datafield>
  <datafield tag="945" ind1=" " ind2=" ">
    <subfield code="f">J</subfield>
    <subfield code="a">039:N989nA:v.14:c.2</subfield>
    <subfield code="i">01045273</subfield>
    <subfield code="j">.i13142197</subfield>
    <subfield code="l">u0503</subfield>
  </datafield>
  <datafield tag="945" ind1=" " ind2=" ">
    <subfield code="f">J</subfield>
    <subfield code="a">039:N989nA:v.15:c.2</subfield>
    <subfield code="i">01045275</subfield>
    <subfield code="j">.i13142215</subfield>
    <subfield code="l">u0503</subfield>
  </datafield>
  <datafield tag="945" ind1=" " ind2=" ">
    <subfield code="f">J</subfield>
    <subfield code="a">039:N989nA:v.16:c.2</subfield>
    <subfield code="i">01045277</subfield>
    <subfield code="j">.i13142239</subfield>
    <subfield code="l">u0503</subfield>
  </datafield>
  <datafield tag="945" ind1=" " ind2=" ">
    <subfield code="f">J</subfield>
    <subfield code="a">039:N989nA:v.17:c.2</subfield>
    <subfield code="i">01045279</subfield>
    <subfield code="j">.i13142252</subfield>
    <subfield code="l">u0503</subfield>
  </datafield>
  <datafield tag="945" ind1=" " ind2=" ">
    <subfield code="f">J</subfield>
    <subfield code="a">039:N989nA:v.18:c.2</subfield>
    <subfield code="i">01045281</subfield>
    <subfield code="j">.i13142276</subfield>
    <subfield code="l">u0503</subfield>
  </datafield>
  <datafield tag="945" ind1=" " ind2=" ">
    <subfield code="f">J</subfield>
    <subfield code="a">039:N989nA:v.32:c.1</subfield>
    <subfield code="i">00330170</subfield>
    <subfield code="j">.i13142525</subfield>
    <subfield code="l">u0503</subfield>
  </datafield>
  <datafield tag="945" ind1=" " ind2=" ">
    <subfield code="f">J</subfield>
    <subfield code="a">039:N989nA:v.32:c.2</subfield>
    <subfield code="i">00331264</subfield>
    <subfield code="j">.i13142537</subfield>
    <subfield code="l">u0503</subfield>
  </datafield>
  <datafield tag="945" ind1=" " ind2=" ">
    <subfield code="f">J</subfield>
    <subfield code="a">039:N989nA:v.33:c.1</subfield>
    <subfield code="i">00331258</subfield>
    <subfield code="j">.i13142549</subfield>
    <subfield code="l">u0503</subfield>
  </datafield>
  <datafield tag="945" ind1=" " ind2=" ">
    <subfield code="f">J</subfield>
    <subfield code="a">039:N989nA:v.33:c.2</subfield>
    <subfield code="i">00331252</subfield>
    <subfield code="j">.i13142550</subfield>
    <subfield code="l">u0503</subfield>
  </datafield>
  <datafield tag="945" ind1=" " ind2=" ">
    <subfield code="f">J</subfield>
    <subfield code="a">039:N989nA:v.19:c.1</subfield>
    <subfield code="i">01045282</subfield>
    <subfield code="j">.i13142288</subfield>
    <subfield code="l">u0503</subfield>
  </datafield>
  <datafield tag="945" ind1=" " ind2=" ">
    <subfield code="f">J</subfield>
    <subfield code="a">039:N989nA:v.19:c.2</subfield>
    <subfield code="i">01045283</subfield>
    <subfield code="j">.i1314229x</subfield>
    <subfield code="l">u0503</subfield>
  </datafield>
  <datafield tag="945" ind1=" " ind2=" ">
    <subfield code="f">J</subfield>
    <subfield code="a">039:N989nA:v.20:c.1</subfield>
    <subfield code="i">01045284</subfield>
    <subfield code="j">.i13142306</subfield>
    <subfield code="l">u0503</subfield>
  </datafield>
  <datafield tag="945" ind1=" " ind2=" ">
    <subfield code="f">J</subfield>
    <subfield code="a">039:N989nA:v.20:c.2</subfield>
    <subfield code="i">01045286</subfield>
    <subfield code="j">.i13142318</subfield>
    <subfield code="l">u0503</subfield>
  </datafield>
  <datafield tag="945" ind1=" " ind2=" ">
    <subfield code="f">J</subfield>
    <subfield code="a">039:N989nA:v.21:c.1</subfield>
    <subfield code="i">01045287</subfield>
    <subfield code="j">.i1314232x</subfield>
    <subfield code="l">u0503</subfield>
  </datafield>
  <datafield tag="945" ind1=" " ind2=" ">
    <subfield code="f">J</subfield>
    <subfield code="a">039:N989nA:v.21:c.2</subfield>
    <subfield code="i">01045288</subfield>
    <subfield code="j">.i13142331</subfield>
    <subfield code="l">u0503</subfield>
  </datafield>
  <datafield tag="945" ind1=" " ind2=" ">
    <subfield code="f">J</subfield>
    <subfield code="a">039:N989nA:v.22:c.1</subfield>
    <subfield code="i">01045289</subfield>
    <subfield code="j">.i13142343</subfield>
    <subfield code="l">u0503</subfield>
  </datafield>
  <datafield tag="945" ind1=" " ind2=" ">
    <subfield code="f">J</subfield>
    <subfield code="a">039:N989nA:v.22:c.2</subfield>
    <subfield code="i">01045290</subfield>
    <subfield code="j">.i13142355</subfield>
    <subfield code="l">u0503</subfield>
  </datafield>
  <datafield tag="945" ind1=" " ind2=" ">
    <subfield code="f">J</subfield>
    <subfield code="a">039:N989nA:v.23:c.1</subfield>
    <subfield code="i">01045291</subfield>
    <subfield code="j">.i13142367</subfield>
    <subfield code="l">u0503</subfield>
  </datafield>
  <datafield tag="945" ind1=" " ind2=" ">
    <subfield code="f">J</subfield>
    <subfield code="a">039:N989nA:v.23:c.2</subfield>
    <subfield code="i">01045292</subfield>
    <subfield code="j">.i13142379</subfield>
    <subfield code="l">u0503</subfield>
  </datafield>
  <datafield tag="945" ind1=" " ind2=" ">
    <subfield code="f">J</subfield>
    <subfield code="a">039:N989nA:v.24:c.1</subfield>
    <subfield code="i">01045293</subfield>
    <subfield code="j">.i13142380</subfield>
    <subfield code="l">u0503</subfield>
  </datafield>
  <datafield tag="945" ind1=" " ind2=" ">
    <subfield code="f">J</subfield>
    <subfield code="a">039:N989nA:v.24:c.2</subfield>
    <subfield code="i">01045294</subfield>
    <subfield code="j">.i13142392</subfield>
    <subfield code="l">u0503</subfield>
  </datafield>
  <datafield tag="945" ind1=" " ind2=" ">
    <subfield code="f">J</subfield>
    <subfield code="a">039:N989nA:v.25:c.1</subfield>
    <subfield code="i">01045295</subfield>
    <subfield code="j">.i13142409</subfield>
    <subfield code="l">u0503</subfield>
  </datafield>
  <datafield tag="945" ind1=" " ind2=" ">
    <subfield code="f">J</subfield>
    <subfield code="a">039:N989nA:v.25:c.2</subfield>
    <subfield code="i">01045296</subfield>
    <subfield code="j">.i13142410</subfield>
    <subfield code="l">u0503</subfield>
  </datafield>
  <datafield tag="945" ind1=" " ind2=" ">
    <subfield code="f">J</subfield>
    <subfield code="a">039:N989nA:v.26:c.1</subfield>
    <subfield code="i">01045297</subfield>
    <subfield code="j">.i13142422</subfield>
    <subfield code="l">u0503</subfield>
  </datafield>
  <datafield tag="945" ind1=" " ind2=" ">
    <subfield code="f">J</subfield>
    <subfield code="a">039:N989nA:v.26:c.2</subfield>
    <subfield code="i">01045298</subfield>
    <subfield code="j">.i13142434</subfield>
    <subfield code="l">u0503</subfield>
  </datafield>
  <datafield tag="945" ind1=" " ind2=" ">
    <subfield code="f">J</subfield>
    <subfield code="a">039:N989nA:v.27:c.1</subfield>
    <subfield code="i">01045299</subfield>
    <subfield code="j">.i13142446</subfield>
    <subfield code="l">u0503</subfield>
  </datafield>
  <datafield tag="945" ind1=" " ind2=" ">
    <subfield code="f">J</subfield>
    <subfield code="a">039:N989nA:v.27:c.2</subfield>
    <subfield code="i">01045300</subfield>
    <subfield code="j">.i13142458</subfield>
    <subfield code="l">u0503</subfield>
  </datafield>
  <datafield tag="945" ind1=" " ind2=" ">
    <subfield code="f">J</subfield>
    <subfield code="a">039:N989nA:v.28:c.1</subfield>
    <subfield code="i">01045301</subfield>
    <subfield code="j">.i1314246x</subfield>
    <subfield code="l">u0503</subfield>
  </datafield>
  <datafield tag="945" ind1=" " ind2=" ">
    <subfield code="f">J</subfield>
    <subfield code="a">039:N989nA:v.29:c.1</subfield>
    <subfield code="i">01045302</subfield>
    <subfield code="j">.i13142471</subfield>
    <subfield code="l">u0503</subfield>
  </datafield>
  <datafield tag="945" ind1=" " ind2=" ">
    <subfield code="f">J</subfield>
    <subfield code="a">039:N989nA:v.30:c.1</subfield>
    <subfield code="i">01045303</subfield>
    <subfield code="j">.i13142483</subfield>
    <subfield code="l">u0503</subfield>
  </datafield>
  <datafield tag="945" ind1=" " ind2=" ">
    <subfield code="f">J</subfield>
    <subfield code="a">039:N989nA:v.31:c.1</subfield>
    <subfield code="i">01045305</subfield>
    <subfield code="j">.i13142495</subfield>
    <subfield code="l">u0503</subfield>
  </datafield>
  <datafield tag="945" ind1=" " ind2=" ">
    <subfield code="f">J</subfield>
    <subfield code="a">039:N989nA:v.30:c.2</subfield>
    <subfield code="i">01045304</subfield>
    <subfield code="j">.i13142562</subfield>
    <subfield code="l">u0503</subfield>
  </datafield>
  <datafield tag="945" ind1=" " ind2=" ">
    <subfield code="f">J</subfield>
    <subfield code="a">039:N989nA:v.31:c.2</subfield>
    <subfield code="i">01045306</subfield>
    <subfield code="j">.i13142574</subfield>
    <subfield code="l">u0503</subfield>
  </datafield>
  <datafield tag="998" ind1=" " ind2=" ">
    <subfield code="a">u05</subfield>
    <subfield code="b">97-08-30</subfield>
    <subfield code="c">m</subfield>
    <subfield code="d">a</subfield>
    <subfield code="e">-</subfield>
    <subfield code="f">ara</subfield>
    <subfield code="g">ua </subfield>
    <subfield code="h">0</subfield>
    <subfield code="i">64</subfield>
  </datafield>
</record>
</collection>
